@misc{Obertelli:2018personal,
  author = "Obertelli, Alexandre",
  year = "2018",
  howpublished = "personal communication"
}
@misc{Nscl:2018web,
  author = "NSCL",
  year = "2018",
  howpublished = "https://www.nscl.msu.edu/public/science/index.html"
}
@incollection{10.1088/978-0-7503-1140-3ch6,
author = {Amsler, Claude},
title = {The nuclear shell model},
booktitle = {Nuclear and Particle Physics},
publisher = {IOP Publishing},
year = {2015},
series = {2053-2563},
type = {Book Chapter},
pages = {6-1 to 6-12},
abstract = {We go one step further in nuclear physics and introduce the shell model which describes how the nucleon spins and angular momenta contribute to the nuclear spin. The shell model reproduces the observed ‘magic’ sequence of proton and neutron numbers for which the nuclear binding is strongest. The nuclear spin is obtained from the atomic hyperfine splitting induced by the interaction between nuclear and electronic spins. The shape of a deformed nucleus (oblate or prolate) is determined by measuring its electric quadrupole moment.},
url = {http://dx.doi.org/10.1088/978-0-7503-1140-3ch6},
doi = {10.1088/978-0-7503-1140-3ch6},
isbn = {978-0-7503-1140-3}
}
@book{Alamanos:2004review,
   author = "Alamanos, N. and Gillibert, A.",
   year = {2004},
   title = {Selected Topics in Reaction Studies with Exotic Nuclei},
   publisher = {Springer-Verlag},
   address = {Berlin Heidelberg}
}
@article{Utsuno:1999st,
      author         = "Utsuno, Yutaka and Otsuka, Takaharu and Mizusaki,
                        Takahiro and Honma, Michio",
      title          = "{Varying shell gap and deformation in N approximately 20
                        unstable nuclei studied by the Monte Carlo shell model}",
      journal        = "Phys. Rev.",
      volume         = "C60",
      year           = "1999",
      pages          = "054315",
      doi            = "10.1103/PhysRevC.60.054315",
      SLACcitation   = "%%CITATION = PHRVA,C60,054315;%%"
}
@article{Otsuka:2001nw,
      author         = "Otsuka, Takaharu and Fujimoto, Rintaro and Utsuno, Yutaka
                        and Brown, B. Alex and Honma, Michio and Mizusaki,
                        Takahiro",
      title          = "{Magic numbers in exotic nuclei and spin isospin
                        properties of it N N interaction}",
      journal        = "Phys. Rev. Lett.",
      volume         = "87",
      year           = "2001",
      pages          = "082502",
      doi            = "10.1103/PhysRevLett.87.082502",
      eprint         = "nucl-th/0107054",
      archivePrefix  = "arXiv",
      primaryClass   = "nucl-th",
      SLACcitation   = "%%CITATION = NUCL-TH/0107054;%%"
}

@article{Otsuka:2006zz,
      author         = "Otsuka, Takaharu and Matsuo, Toshiaki and Abe, Daisuke",
      title          = "{Mean Field with Tensor Force and Shell Structure of
                        Exotic Nuclei}",
      journal        = "Phys. Rev. Lett.",
      volume         = "97",
      year           = "2006",
      pages          = "162501",
      doi            = "10.1103/PhysRevLett.97.162501",
      SLACcitation   = "%%CITATION = PRLTA,97,162501;%%"
}

@article{Dobaczewski:1994zza,
      author         = "Dobaczewski, J. and Hamamoto, I. and Nazarewicz, W. and
                        Sheikh, J. A.",
      title          = "{Nuclear shell structure at particle drip lines}",
      journal        = "Phys. Rev. Lett.",
      volume         = "72",
      year           = "1994",
      pages          = "981-984",
      doi            = "10.1103/PhysRevLett.72.981",
      SLACcitation   = "%%CITATION = PRLTA,72,981;%%"
}

@article{Caurier:2013aoa,
      author         = "Caurier, Etienne and Nowacki, Frederic and Poves,
                        Alfredo",
      title          = "{Merging of the islands of inversion at $N=20$ and
                        $N=28$}",
      journal        = "Phys. Rev.",
      volume         = "C90",
      year           = "2014",
      number         = "1",
      pages          = "014302",
      doi            = "10.1103/PhysRevC.90.014302",
      eprint         = "1309.6955",
      archivePrefix  = "arXiv",
      primaryClass   = "nucl-th",
      SLACcitation   = "%%CITATION = ARXIV:1309.6955;%%"
}
@article{Talmi:1960zz,
      author         = "Talmi, I. and Unna, I.",
      title          = "{Order of Levels in the Shell Model and Spin of Be-11}",
      journal        = "Phys. Rev. Lett.",
      volume         = "4",
      year           = "1960",
      pages          = "469-470",
      doi            = "10.1103/PhysRevLett.4.469",
      SLACcitation   = "%%CITATION = PRLTA,4,469;%%"
}
@article{Ozawa:2000gj,
      author         = "Ozawa, A. and Kobayashi, T. and Suzuki, K. and Yoshida,
                        K. and Tanihata, I.",
      title          = "{A new magic number, N=16, Near to the neutron
                        drip-line}",
      journal        = "Phys. Rev. Lett.",
      volume         = "84",
      year           = "2000",
      pages          = "5493-5495",
      doi            = "10.1103/PhysRevLett.84.5493",
      reportNumber   = "RIKEN-AF-NP-350",
      SLACcitation   = "%%CITATION = PRLTA,84,5493;%%"
}
@article{Motobayashi:1995ei,
      author         = "Motobayashi, T. and others",
      title          = "{Large deformation of the very neutron-rich nucleus Mg-32
                        from intermediate-energy Coulomb excitation}",
      journal        = "Phys. Lett.",
      volume         = "B346",
      year           = "1995",
      pages          = "9-14",
      doi            = "10.1016/0370-2693(95)00012-A",
      SLACcitation   = "%%CITATION = PHLTA,B346,9;%%"
}
@article{Steppenbeck:2013mga,
      author         = "Steppenbeck, D. and others",
      title          = "{Evidence for a new nuclear ‘magic number’ from the
                        level structure of 54Ca}",
      journal        = "Nature",
      volume         = "502",
      year           = "2013",
      number         = "7470",
      pages          = "207-210",
      doi            = "10.1038/nature12522",
      SLACcitation   = "%%CITATION = NATUA,502,207;%%"
}
@article{Tshoo:2012bi,
      author         = "Tshoo, K. and others",
      title          = "{The N = 16 spherical shell closure in $^{24}O$}",
      journal        = "Phys. Rev. Lett.",
      volume         = "109",
      year           = "2012",
      pages          = "022501",
      doi            = "10.1103/PhysRevLett.109.022501",
      eprint         = "1205.5657",
      archivePrefix  = "arXiv",
      primaryClass   = "nucl-ex",
      SLACcitation   = "%%CITATION = ARXIV:1205.5657;%%"
}
@article{Wimmer:2010in,
      author         = "Wimmer, K. and others",
      title          = "{Discovery of the shape coexisting 0+ state in 32Mg by a
                        two neutron transfer reaction}",
      journal        = "Phys. Rev. Lett.",
      volume         = "105",
      year           = "2010",
      pages          = "252501",
      doi            = "10.1103/PhysRevLett.105.252501",
      eprint         = "1010.3999",
      archivePrefix  = "arXiv",
      primaryClass   = "nucl-ex",
      SLACcitation   = "%%CITATION = ARXIV:1010.3999;%%"
}
@article{Otsuka:2013jya,
      author         = "Otsuka, Takaharu and Suzuki, Toshio",
      title          = "{Three-Body Forces and Neutron-Rich Exotic Nuclei}",
      booktitle      = "{Proceedings, 20th International IUPAP Conference on
                        Few-Body Problems in Physics (FB20): Fukuoka, Japan,
                        August 20-25, 2012}",
      journal        = "Few Body Syst.",
      volume         = "54",
      year           = "2013",
      number         = "7-10",
      pages          = "891-896",
      doi            = "10.1007/s00601-013-0667-4",
      SLACcitation   = "%%CITATION = FBSYE,54,891;%%"
}
