@article{Scherer:2012xha,
      author         = "Scherer, Stefan and Schindler, Matthias R.",
      title          = "{A Primer for Chiral Perturbation Theory}",
      journal        = "Lect. Notes Phys.",
      volume         = "830",
      year           = "2012",
      pages          = "pp.1-338",
      doi            = "10.1007/978-3-642-19254-8",
      SLACcitation   = "%%CITATION = LNPHA,830,pp.1;%%"
}
@article{Gasser:1984gg,
      author         = "Gasser, J. and Leutwyler, H.",
      title          = "{Chiral Perturbation Theory: Expansions in the Mass of
                        the Strange Quark}",
      journal        = "Nucl. Phys.",
      volume         = "B250",
      year           = "1985",
      pages          = "465-516",
      doi            = "10.1016/0550-3213(85)90492-4",
      reportNumber   = "CERN-TH-3798",
      SLACcitation   = "%%CITATION = NUPHA,B250,465;%%"
}
@article{Gasser:1983yg,
      author         = "Gasser, J. and Leutwyler, H.",
      title          = "{Chiral Perturbation Theory to One Loop}",
      journal        = "Annals Phys.",
      volume         = "158",
      year           = "1984",
      pages          = "142",
      doi            = "10.1016/0003-4916(84)90242-2",
      reportNumber   = "CERN-TH-3689",
      SLACcitation   = "%%CITATION = APNYA,158,142;%%"
}
@article{Gasser:1983ky,
      author         = "Gasser, J. and Leutwyler, H.",
      title          = "{On the Low-energy Structure of {QCD}}",
      journal        = "Phys. Lett.",
      volume         = "125B",
      year           = "1983",
      pages          = "321-324",
      doi            = "10.1016/0370-2693(83)91293-5",
      reportNumber   = "BUTP-83/4",
      SLACcitation   = "%%CITATION = PHLTA,125B,321;%%"
}
@article{Gasser:1983kx,
      author         = "Gasser, J. and Leutwyler, H.",
      title          = "{Low-Energy Theorems as Precision Tests of QCD}",
      journal        = "Phys. Lett.",
      volume         = "125B",
      year           = "1983",
      pages          = "325-329",
      doi            = "10.1016/0370-2693(83)91294-7",
      reportNumber   = "BUTP-83/5",
      SLACcitation   = "%%CITATION = PHLTA,125B,325;%%"
}
