@article{Yang:2019bjr,
      author         = "Yang, Qian",
      title          = "{The STAR BES-II and Forward Rapidity Physics and
                        Upgrades}",
      booktitle      = "{Proceedings, 27th International Conference on
                        Ultrarelativistic Nucleus-Nucleus Collisions (Quark Matter
                        2018): Venice, Italy, May 14-19, 2018}",
      collaboration  = "STAR",
      journal        = "Nucl. Phys.",
      volume         = "A982",
      year           = "2019",
      pages          = "951-954",
      doi            = "10.1016/j.nuclphysa.2018.10.029",
      SLACcitation   = "%%CITATION = NUPHA,A982,951;%%"
}
@article{Schmah:2013vea,
      author         = "Schmah, Alexander",
      title          = "{The beam energy scan at RHIC: Recent results from STAR}",
      booktitle      = "{Proceedings, FAIR NExt generation ScientistS 2012
                        (FAIRNESS 2012): Hersonissos, Greece, September 3-8,
                        2012}",
      collaboration  = "STAR",
      journal        = "J. Phys. Conf. Ser.",
      volume         = "426",
      year           = "2013",
      pages          = "012007",
      doi            = "10.1088/1742-6596/426/1/012007",
      SLACcitation   = "%%CITATION = 00462,426,012007;%%"
}
@article{Stephanov:2008qz,
      author         = "Stephanov, M. A.",
      title          = "{Non-Gaussian fluctuations near the QCD critical point}",
      journal        = "Phys. Rev. Lett.",
      volume         = "102",
      year           = "2009",
      pages          = "032301",
      doi            = "10.1103/PhysRevLett.102.032301",
      eprint         = "0809.3450",
      archivePrefix  = "arXiv",
      primaryClass   = "hep-ph",
      SLACcitation   = "%%CITATION = ARXIV:0809.3450;%%"
}
@article{Agakishiev:2011ib,
      author         = "Agakishiev, H. and others",
      title          = "{Observation of the antimatter helium-4 nucleus}",
      collaboration  = "STAR",
      journal        = "Nature",
      volume         = "473",
      year           = "2011",
      pages          = "353",
      doi            = "10.1038/nature10079",
      note           = "[Erratum: Nature475,412(2011)]",
      eprint         = "1103.3312",
      archivePrefix  = "arXiv",
      primaryClass   = "nucl-ex",
      SLACcitation   = "%%CITATION = ARXIV:1103.3312;%%"
}
@article{Adamczyk:2013dal,
      author         = "Adamczyk, L. and others",
      title          = "{Energy Dependence of Moments of Net-proton Multiplicity
                        Distributions at RHIC}",
      collaboration  = "STAR",
      journal        = "Phys. Rev. Lett.",
      volume         = "112",
      year           = "2014",
      pages          = "032302",
      doi            = "10.1103/PhysRevLett.112.032302",
      eprint         = "1309.5681",
      archivePrefix  = "arXiv",
      primaryClass   = "nucl-ex",
      SLACcitation   = "%%CITATION = ARXIV:1309.5681;%%"
}
@article{Esha:2017yeh,
      author         = "Esha, Roli",
      title          = "{Measurement of the cumulants of net-proton multiplicity
                        distributions by STAR}",
      booktitle      = "{Proceedings, 11th International Workshop on Critical
                        Point and Onset of Deconfinement (CPOD2017): Stony Brook,
                        NY, USA, August 7-11, 2017}",
      collaboration  = "STAR",
      journal        = "PoS",
      volume         = "CPOD2017",
      year           = "2018",
      pages          = "003",
      doi            = "10.22323/1.311.0003",
      SLACcitation   = "%%CITATION = POSCI,CPOD2017,003;%%"
}
@article{Luo:2015ewa,
      author         = "Luo, Xiaofeng",
      title          = "{Energy Dependence of Moments of Net-Proton and
                        Net-Charge Multiplicity Distributions at STAR}",
      booktitle      = "{Proceedings, 9th International Workshop on Critical
                        Point and Onset of Deconfinement (CPOD 2014): Bielefeld,
                        Germany, November 17-21, 2014}",
      collaboration  = "STAR",
      journal        = "PoS",
      volume         = "CPOD2014",
      year           = "2015",
      pages          = "019",
      doi            = "10.22323/1.217.0019",
      eprint         = "1503.02558",
      archivePrefix  = "arXiv",
      primaryClass   = "nucl-ex",
      SLACcitation   = "%%CITATION = ARXIV:1503.02558;%%"
}
@article{Athanasiou:2010kw,
      author         = "Athanasiou, Christiana and Rajagopal, Krishna and
                        Stephanov, Misha",
      title          = "{Using Higher Moments of Fluctuations and their Ratios in
                        the Search for the QCD Critical Point}",
      journal        = "Phys. Rev.",
      volume         = "D82",
      year           = "2010",
      pages          = "074008",
      doi            = "10.1103/PhysRevD.82.074008",
      eprint         = "1006.4636",
      archivePrefix  = "arXiv",
      primaryClass   = "hep-ph",
      SLACcitation   = "%%CITATION = ARXIV:1006.4636;%%"
}

%%% contains utf-8, see: https://inspirehep.net/info/faq/general#utf8
%%% add \usepackage[utf8]{inputenc} to your latex preamble

@article{Caines:2017vvs,
      author         = "Caines, Helen",
      title          = "{The Search for Critical Behavior and Other Features of
                        the QCD Phase Diagram â€“ Current Status and Future
                        Prospects}",
      booktitle      = "{Proceedings, 26th International Conference on
                        Ultra-relativistic Nucleus-Nucleus Collisions (Quark
                        Matter 2017): Chicago, Illinois, USA, February 5-11,
                        2017}",
      journal        = "Nucl. Phys.",
      volume         = "A967",
      year           = "2017",
      pages          = "121-128",
      doi            = "10.1016/j.nuclphysa.2017.05.116",
      SLACcitation   = "%%CITATION = NUPHA,A967,121;%%"
}
@misc{bnl:2019web,
  author = "BNL",
  year = "2019",
  howpublished = "https://www.bnl.gov/cad/accelerator/"
}
@article{STAR:2017ckg,
      author         = "Adamczyk, L. and others",
      title          = "{Global $\Lambda$ hyperon polarization in nuclear
                        collisions: evidence for the most vortical fluid}",
      collaboration  = "STAR",
      journal        = "Nature",
      volume         = "548",
      year           = "2017",
      pages          = "62-65",
      doi            = "10.1038/nature23004",
      eprint         = "1701.06657",
      archivePrefix  = "arXiv",
      primaryClass   = "nucl-ex",
      SLACcitation   = "%%CITATION = ARXIV:1701.06657;%%"
}
